<?xml version="1.0" encoding="UTF-8"?><collection xmlns="http://www.loc.gov/MARC21/slim"><record><leader>00414nam--2200157-i-4500</leader><controlfield tag="001">000031429</controlfield><controlfield tag="002">20161230</controlfield><controlfield tag="005">20161230201038</controlfield><controlfield tag="008">060222s1000------------r-----000-0-eng-d</controlfield><datafield ind1=" " ind2=" " tag="040"><subfield code="a">IFIN-HH</subfield></datafield><datafield ind1="1" ind2=" " tag="100"><subfield code="a">Mckenzie, A.E.E</subfield></datafield><datafield ind1="1" ind2="0" tag="245"><subfield code="a">Hydrostatics and mechanics</subfield><subfield code="c">A.e.e. mckenzie</subfield></datafield><datafield ind1=" " ind2=" " tag="260"><subfield code="a">Cambridge, At The University Press, 1958</subfield></datafield><datafield ind1=" " ind2=" " tag="300"><subfield code="a">VII + 272P</subfield></datafield><datafield ind1=" " ind2=" " tag="852"><subfield code="a">14821</subfield><subfield code="c">532</subfield></datafield><datafield ind1=" " ind2=" " tag="CAT"><subfield code="a">Sys</subfield><subfield code="c">20100713</subfield><subfield code="h">103408</subfield></datafield></record></collection>